<record><leader>00000cas a22000007a 4500</leader><controlfield tag="001">18888192</controlfield><controlfield tag="008">881212d18901912iduwr ne      0    0eng d</controlfield><datafield ind1=" " ind2=" " tag="010"><subfield code="a">sn 88056158 </subfield></datafield><datafield ind1=" " ind2=" " tag="040"><subfield code="a">NVB</subfield><subfield code="b">eng</subfield><subfield code="c">NVB</subfield><subfield code="d">OCLCQ</subfield><subfield code="d">OCLCF</subfield><subfield code="d">OCLCO</subfield><subfield code="d">DLC</subfield></datafield><datafield ind1=" " ind2=" " tag="042"><subfield code="a">msc</subfield></datafield><datafield ind1=" " ind2=" " tag="043"><subfield code="a">n-us-id</subfield></datafield><datafield ind1="0" ind2="4" tag="245"><subfield code="a">The Silver messenger.</subfield></datafield><datafield ind1=" " ind2=" " tag="260"><subfield code="a">Challis, Idaho :</subfield><subfield code="b">Pierce &amp; Sweet</subfield></datafield><datafield ind1=" " ind2=" " tag="300"><subfield code="a">v.</subfield></datafield><datafield ind1=" " ind2=" " tag="310"><subfield code="a">Weekly</subfield></datafield><datafield ind1="1" ind2=" " tag="362"><subfield code="a">Began in July 1890.</subfield></datafield><datafield ind1="0" ind2=" " tag="362"><subfield code="a">-v. 31, no. 36 (Mar. 12, 1912).</subfield></datafield><datafield ind1=" " ind2=" " tag="515"><subfield code="a">Suspended: June-July 1894. Resumed with July 31, 1894 issue.</subfield></datafield><datafield ind1=" " ind2=" " tag="588"><subfield code="a">Description based on: Vol. 15, no. 1 (July 31, 1894).</subfield></datafield><datafield ind1=" " ind2="0" tag="651"><subfield code="a">Challis (Idaho)</subfield><subfield code="v">Newspapers.</subfield></datafield><datafield ind1=" " ind2="7" tag="651"><subfield code="a">Idaho</subfield><subfield code="z">Challis.</subfield><subfield code="2">fast</subfield><subfield code="0">(OCoLC)fst01221383</subfield></datafield><datafield ind1=" " ind2="7" tag="655"><subfield code="a">Newspapers.</subfield><subfield code="2">fast</subfield><subfield code="0">(OCoLC)fst01423814</subfield></datafield><datafield ind1=" " ind2=" " tag="752"><subfield code="a">United States</subfield><subfield code="b">Idaho</subfield><subfield code="c">Custer</subfield><subfield code="d">Challis.</subfield></datafield><datafield ind1="0" ind2="4" tag="780"><subfield code="t">Idaho messenger</subfield><subfield code="w">(DLC)sn 86063037</subfield></datafield><datafield ind1="0" ind2="4" tag="780"><subfield code="t">Silver press</subfield></datafield><datafield ind1="0" ind2="0" tag="785"><subfield code="t">Challis messenger</subfield><subfield code="x">2381-0874</subfield><subfield code="w">(DLC)sn 88056159</subfield><subfield code="w">(OCoLC)18888130</subfield></datafield></record>